/mnt/theChest/theCrypt/articles/library.bib